@BOOK{rabinar,
  author={Rabiner, Lawrence R. and Schafer, Ronald W.},
  booktitle={An Introduction to Digital Speech Processing},
  year={2007},
  volume={},
  number={},
  pages={},
  doi={}
  }
  @ARTICLE{hu,
  author={Mai, Sijie and Xing, Songlong and Hu, Haifeng},
  journal={IEEE/ACM Transactions on Audio, Speech, and Language Processing},
  title={Analyzing Multimodal Sentiment Via Acoustic- and Visual-LSTM With Channel-Aware Temporal Convolution Network},
  year={2021},
  volume={29},
  number={},
  pages={1424-1437},
  doi={10.1109/TASLP.2021.3068598}
  }
  @INPROCEEDINGS{ross,
  author={Ross, Manus and Graves, Corey A. and Campbell, John W. and Kim, Jung H.},
  booktitle={2013 12th International Conference on Machine Learning and Applications},
  title={Using Support Vector Machines to Classify Student Attentiveness for the Development of Personalized Learning Systems},
  year={2013},
  volume={1},
  number={},
  pages={325-328},
  doi={10.1109/ICMLA.2013.66}}
